<record><leader>00000cas a2200000 a 4500</leader><controlfield tag="001">12733265</controlfield><controlfield tag="008">851029d189u1904inuwr ne      0    0eng c</controlfield><datafield ind1=" " ind2=" " tag="010"><subfield code="a">sn 85048193 </subfield></datafield><datafield ind1=" " ind2=" " tag="040"><subfield code="a">NPI</subfield><subfield code="b">eng</subfield><subfield code="c">NPI</subfield><subfield code="d">OCLCQ</subfield><subfield code="d">IUL</subfield><subfield code="d">OCLCF</subfield></datafield><datafield ind1="1" ind2=" " tag="029"><subfield code="a">AU@</subfield><subfield code="b">000025653709</subfield></datafield><datafield ind1=" " ind2=" " tag="042"><subfield code="a">pcc</subfield></datafield><datafield ind1=" " ind2=" " tag="043"><subfield code="a">n-us-in</subfield></datafield><datafield ind1="0" ind2=" " tag="130"><subfield code="a">Friday Republican (Shelbyville, Ind.)</subfield></datafield><datafield ind1="1" ind2="4" tag="245"><subfield code="a">The Friday Republican.</subfield></datafield><datafield ind1=" " ind2=" " tag="260"><subfield code="a">Shelbyville, Ind. :</subfield><subfield code="b">Shelby Print. Co.,</subfield><subfield code="c">-1904.</subfield></datafield><datafield ind1=" " ind2=" " tag="300"><subfield code="a">v. :</subfield><subfield code="b">ill. ;</subfield><subfield code="c">50 cm.</subfield></datafield><datafield ind1=" " ind2=" " tag="310"><subfield code="a">Weekly</subfield></datafield><datafield ind1="0" ind2=" " tag="362"><subfield code="a">-January 1, 1904.</subfield></datafield><datafield ind1=" " ind2=" " tag="580"><subfield code="a">Previously called "The Shelby twice-a-week Republican," publication changed to two weekly companion editions: "The Tuesday Republican" and "The Friday Republican." Publication of these "twin" titles was continued by "The Shelby Republican" which had Tuesday and Friday editions.</subfield></datafield><datafield ind1=" " ind2=" " tag="588"><subfield code="a">Description based on: Jan. 12, 1900; title from masthead.</subfield></datafield><datafield ind1=" " ind2="0" tag="651"><subfield code="a">Shelbyville (Ind.)</subfield><subfield code="v">Newspapers.</subfield></datafield><datafield ind1=" " ind2="0" tag="651"><subfield code="a">Shelby County (Ind.)</subfield><subfield code="v">Newspapers.</subfield></datafield><datafield ind1=" " ind2="7" tag="651"><subfield code="a">Indiana</subfield><subfield code="z">Shelby County.</subfield><subfield code="2">fast</subfield><subfield code="0">(OCoLC)fst01218143</subfield></datafield><datafield ind1=" " ind2="7" tag="651"><subfield code="a">Indiana</subfield><subfield code="z">Shelbyville.</subfield><subfield code="2">fast</subfield><subfield code="0">(OCoLC)fst01218142</subfield></datafield><datafield ind1=" " ind2="7" tag="655"><subfield code="a">Newspapers.</subfield><subfield code="2">fast</subfield><subfield code="0">(OCoLC)fst01423814</subfield></datafield><datafield ind1=" " ind2=" " tag="752"><subfield code="a">United States</subfield><subfield code="b">Indiana</subfield><subfield code="c">Shelby</subfield><subfield code="d">Shelbyville.</subfield></datafield><datafield ind1="1" ind2=" " tag="775"><subfield code="t">Tuesday Republican (Shelbyville, Ind.)</subfield><subfield code="w">(DLC)sn 85048150</subfield><subfield code="w">(OCoLC)12733178</subfield></datafield><datafield ind1="1" ind2="1" tag="780"><subfield code="t">Shelby twice-a-week Republican</subfield><subfield code="w">(DLC)sn 85047817</subfield><subfield code="w">(OCoLC)12038552</subfield></datafield><datafield ind1="1" ind2="0" tag="785"><subfield code="t">Shelby Republican (Shelbyville, Ind. : 1904)</subfield><subfield code="w">(DLC)sn 85048156</subfield><subfield code="w">(OCoLC)12733642</subfield></datafield><datafield ind1="4" ind2="1" tag="856"><subfield code="u">https://access.newspaperarchive.com/us/indiana/shelbyville/shelbyville-friday-republican/</subfield></datafield></record>